% journals
@string{auro  = "Auton. Robots"}
@string{fr    = "Field Robotics"}
@string{fsr   = "Field and Service Robotics"}
@string{ijrr  = "Int. J. Robot. Res."}
@string{jfr   = "J. Field Robot."}
@string{pnas  = "Proc. of the National Academy of Sciences (PNAS)"}
@string{ral   = "{IEEE} Robot. Autom. Lett."}
@string{ras   = "Robot. Auton. Syst."}
@string{scirob = "Sci. Robot."}
@string{tro   = "{IEEE} Trans. Robot."}
@string{tra   = "{IEEE} Trans. Robot. Autom."}
@string{tfr   = "{IEEE} Trans. Fiel. Robot."}

@string{ieee  = "Proc. of the IEEE"}
@string{ac    = "{IEEE} Trans. on Automatic Control"}
@string{joe   = "Journal of Oceanic Engineering"}
@string{ijcv  = "Intl. J. of Computer Vision"}
@string{jbe   = "{ASME} Journal of Basic Engineering"}
@string{cviu  = "Computer Vision and Image Understanding"}
@string{ram   = "{IEEE} Robot. Autom. Mag."}
@string{pami  = "{IEEE} Trans. Pattern Anal. Mach. Intell."}
@string{tac   = "{IEEE} Trans. on Automatic Control"}
@string{mtsj  = "Marine Technology Society Journal"}
@string{ijhr  = "Intl. J. of Humanoid Robotics"}

% conferences
@string{aaai  = "AAAI Conf. on Artificial Intelligence"}
@string{accv  = "Asian Conf. on Computer Vision (ACCV)"}
@string{bmvc  = "British Machine Vision Conf. (BMVC)"}
@string{case  = "IEEE Intl. Conf. Autom. Sci. Eng."}
@string{cdc   = "{IEEE} Conf. on Decision and Control"}
@string{chi   = "ACM Conf. on Human Factors in Computing Systems"}
@string{corl  = "Conf. on Robot Learning"}
@string{cvpr  = "{IEEE} Int. Conf. Computer Vision and Pattern Recognition"}
@string{eccv  = "Eur. Conf. on Computer Vision (ECCV)"}
@string{ecmr  = "European Conference on Mobile Robotics (ECMR)"}
@string{emav  = "European Micro Aerial Vehicle Conference"}
@string{fusion = "Intl. Conf. on Information Fusion (FUSION)"}
@string{hri   = "ACM/IEEE Int. Conf. Hum.-Robot Interact."}
@string{icar  = "IEEE Intl. Conf. on Advanced Robotics (ICAR)"}
@string{iccv  = "Intl. Conf. on Computer Vision"}
@string{ichr  = "IEEE/RSJ Int. Conf. on Humanoid Robots"}
@string{iclr  = "Intl. Conf. on Learning Representations (ICLR)"}
@string{icml  = "Intl. Conf. on Machine Learning (ICML)"}
@string{icpr  = "Intl. Conf. on Pattern Recognition (ICPR)"}
@string{icra  = "IEEE Int. Conf. Robot. Autom."}
@string{ictdv  = "IEEE Intl. Conf. on 3D Vision"}
@string{ijcai = "Intl. Joint Conf. on Artificial Intelligence"}
@string{iros  = "{IEEE/RSJ} Int. Conf. Intell. Robots Syst."}
@string{isrr  = "Proc. of the Intl. Symp. of Robotics Research"}
@string{neurips= "Intl. Conf. on Neural Information Processing Systems"}
@string{rss   = "Robot.: Sci. Syst."}
@string{siggraph = "SIGGRAPH"}

% workshops
@string{iser  = "Intl. Sym. on Experimental Robotics (ISER)"}
@string{ismar = "IEEE/ACM Intl. Sym. on Mixed and Augmented Reality (ISMAR)"}


@unpublished{kassab2025ol3d,
  archiveprefix = {arXiv},
  author        = {Christina Kassab and Sacha Morin and Martin B{\"u}chner and Mat{\'i}as Mattamala and Kumaraditya Gupta and Abhinav Valada and Liam Paull and Maurice Fallon},
  eprint        = {2503.19764},
  note          = {{Under review}},
  primaryclass  = {cs.CV},
  title         = {{OpenLex3D: A New Evaluation Benchmark for Open-Vocabulary 3D Scene Representations}},
  year          = {2025}
}

@inproceedings{tao2022pdc,
  title = {{3D Lidar Reconstruction with Probabilistic Depth Completion for Robotic Navigation}},
  author = {Tao, Yifu and Popovi{\'c}, Marija and Wang, Yiduo and Digumarti, Sundara Tejaswi and Chebrolu, Nived and Fallon, Maurice},
  booktitle = iros,
  pages = {5339--5346},
  year = {2022},
}